@misc{8906,
  author = {Barbara Guttman and E Roback},
  title = {An Introduction to Computer Security: the NIST Handbook},
  year = {1995},
  month = {1995-10-02},
  publisher = {Special Publication (NIST SP), National Institute of Standards and Technology, Gaithersburg, MD},
  doi = {https://doi.org/10.6028/NIST.SP.800-12r1},
  language = {en},
}
@misc{ministerio,
 url={https://www.boe.es/boe/dias/2020/05/13/pdfs/BOE-A-2020-5006.pdf}
} 

@inproceedings{rao2008dangers,
  title={On the dangers of cross-validation. An experimental evaluation},
  author={Rao, R Bharat and Fung, Glenn and Rosales, Romer},
  booktitle={Proceedings of the 2008 SIAM international conference on data mining},
  pages={588--596},
  year={2008},
  organization={SIAM}
}

@inproceedings{kohavi1995study,
  title={A study of cross-validation and bootstrap for accuracy estimation and model selection},
  author={Kohavi, Ron and others},
  booktitle={Ijcai},
  volume={14},
  number={2},
  pages={1137--1145},
  year={1995},
  organization={Montreal, Canada}
}

 @misc{mongoReplication,
  title={Replication},
  url={https://docs.mongodb.com/manual/replication/},
  journal={Replication - MongoDB Manual}
} 

@inproceedings{kreps2011kafka,
  title={Kafka: A distributed messaging system for log processing},
  author={Kreps, Jay and Narkhede, Neha and Rao, Jun and others},
  booktitle={Proceedings of the NetDB},
  volume={11},
  pages={1--7},
  year={2011}
}
@article{frey2005sensor,
  title={Sensor Networks and Grid Middleware for Laboratory Monitoring},
  author={Frey, Jeremy G and Robinson, Jamie and Stanford-Clark, Andrew and Reynolds, Andrew and Bendi, Bharat},
  year={2005},
  publisher={IEEE Computer Society}
}
@article{Ahmed2007,
author = {Awad, Ahmed and Traore, Issa},
year = {2007},
month = {08},
pages = {165-179},
title = {A New Biometric Technology Based on Mouse Dynamics},
volume = {4},
journal = {Dependable and Secure Computing, IEEE Transactions on},
doi = {10.1109/TDSC.2007.70207}
}
@inproceedings{Ahmed2005DetectingCI,
  title={Detecting Computer Intrusions Using Behavioral Biometrics},
  author={Ahmed Awad E. Ahmed and Issa Traor{\'e}},
  booktitle={PST},
  year={2005}
}
@article{Barkadehi2018,
author = {Barkadehi, Mohammadreza and Nilashi, Mehrbaksh and Ibrahim, Othman and Fardi, Ali and Samad, Sarminah},
year = {2018},
month = {03},
pages = {},
title = {Authentication Systems: A Literature Review and Classification},
volume = {35},
journal = {Telematics and Informatics},
doi = {10.1016/j.tele.2018.03.018}
}
@article{bhatnagar2013survey,
  title={A survey on behavioral biometric techniques: mouse vs keyboard dynamics},
  author={Bhatnagar, Monika and Jain, Raina K and Khairnar, Nilam S},
  journal={Int. J. Comput. Appl},
  volume={975},
  pages={8887},
  year={2013}
}
@article{werbos2008foreword,
  title={Foreword: ADP-The Key Direction for Future Research in Intelligent Control and Understanding Brain Intelligence.},
  author={Werbos, Paul J},
  journal={IEEE Trans. Syst. Man Cybern. Part B},
  volume={38},
  number={4},
  pages={898--900},
  year={2008}
}

@article{cortes1995support,
  title={Support-vector networks},
  author={Cortes, Corinna and Vapnik, Vladimir},
  journal={Machine learning},
  volume={20},
  number={3},
  pages={273--297},
  year={1995},
  publisher={Springer}
}

@inproceedings{ahmed2005anomaly,
  title={Anomaly intrusion detection based on biometrics},
  author={Ahmed, Ahmed Awad E and Traore, Issa},
  booktitle={Proceedings from the Sixth Annual IEEE SMC Information Assurance Workshop},
  pages={452--453},
  year={2005},
  organization={IEEE}
}

@article{barkadehi2018authentication,
  title={Authentication systems: A literature review and classification},
  author={Barkadehi, Mohammadreza Hazhirpasand and Nilashi, Mehrbaksh and Ibrahim, Othman and Fardi, Ali Zakeri and Samad, Sarminah},
  journal={Telematics and Informatics},
  volume={35},
  number={5},
  pages={1491--1511},
  year={2018},
  publisher={Elsevier}
}


@book{stallings2012computer,
  title={Computer security: principles and practice},
  author={Stallings, William and Brown, Lawrie and Bauer, Michael D and Howard, Michael},
  volume={2},
  year={2012},
  publisher={Pearson Upper Saddle River}
}

@online{EurostatComputerEmployees,
  author = {{Eurostat}},
  title  = {Use of computers and the internet by employees},
  url    = {https://ec.europa.eu/eurostat/databrowser/product/view/ISOC_CI_CM_PN2?lang=en},
  year   = {2021}
}

@online{EurostatComputerIndivual,
  author = {{Eurostat}},
  title  = {Individuals - computer use},
  url    = {https://ec.europa.eu/eurostat/databrowser/product/view/ISOC_CI_CFP_CU?lang=en},
  year   = {2021}
}

 @misc{ConsumeApache,
  title   = {Consuming messages out of apache kafka in a browser},
  url     = {https://www.confluent.io/blog/consuming-messages-out-of-apache-kafka-in-a-browser/},
  journal = {Confluent},
  author  = {REA, JOSEPH},
  year    = {2019},
  month   = {Mar}
}

@misc{nikhil_chandar_2020,
  title   = {Benchmarking Kafka vs. Pulsar vs. RabbitMQ: Which is Fastest?},
  url     = {https://www.confluent.io/blog/kafka-fastest-messaging-system/},
  journal = {Confluent},
  author  = {Nikhil, Alok and Chandar, Vinoth},
  year    = {2020},
  month   = {Aug}
}

@misc{incibe_2017,
  title   = {Amenaza vs Vulnerabilidad, ¿sabes en qué se diferencian?},
  url     = {https://www.incibe.es/protege-tu-empresa/blog/amenaza-vs-vulnerabilidad-sabes-se-diferencian},
  journal = {INCIBE},
  year    = {2017},
  month   = {Apr}
}

@misc{rediris_2002_security,
  title   = {Gestión de la seguridad},
  url     = {https://www.rediris.es/cert/doc/unixsec/node31.html},
  journal = {RedIRIS},
  year    = {2002},
  month   = {Jul}
}

@misc{rediris_2002_introduction,
  title   = {Introducción y conceptos previos},
  url     = {https://www.rediris.es/cert/doc/unixsec/node5.html},
  journal = {RedIRIS},
  year    = {2002},
  month   = {Jul}
}

@misc{rediris_2002_auth,
  title   = {Autenticación de usuarios},
  url     = {https://www.rediris.es/cert/doc/unixsec/node14.html},
  journal = {RedIRIS},
  year    = {2002},
  month   = {Jul}
}

@misc{mseg,
  url     = {https://www.mseg.gba.gov.ar/interior/juan_vucetich/Juan Vucetich.html},
  journal = {Ministerio de Seguridad Provincia de Buenos Aires},
  author  = {Mseg}
}


@article{4435136,
  author  = {Romero, Enrique and Sopena, Josep MarÍa},
  journal = {IEEE Transactions on Neural Networks},
  title   = {Performing Feature Selection With Multilayer Perceptrons},
  year    = {2008},
  volume  = {19},
  number  = {3},
  pages   = {431-441},
  doi     = {10.1109/TNN.2007.909535}
}

@article{AMQP,
  author     = {O'Hara, John},
  title      = {Toward a Commodity Enterprise Middleware: Can AMQP Enable a New Era in Messaging Middleware? A Look inside Standards-Based Messaging with AMQP},
  year       = {2007},
  issue_date = {May-June 2007},
  publisher  = {Association for Computing Machinery},
  address    = {New York, NY, USA},
  volume     = {5},
  number     = {4},
  issn       = {1542-7730},
  url        = {https://doi.org/10.1145/1255421.1255424},
  doi        = {10.1145/1255421.1255424},
  journal    = {Queue},
  month      = may,
  pages      = {48–55},
  numpages   = {8}
}

@article{mccarthy2007artificial,
  title  = {What is artificial intelligence?},
  author = {McCarthy, John},
  year   = {2007}
}

@article{salas2004redes,
  title   = {Redes neuronales artificiales},
  author  = {Salas, Rodrigo},
  journal = {Universidad de Valpara{\i}so. Departamento de Computaci{\'o}n},
  volume  = {1},
  pages   = {1--7},
  year    = {2004}
}

@article{rosenblatt1960perceptron,
  title     = {Perceptron simulation experiments},
  author    = {Rosenblatt, Frank},
  journal   = {Proceedings of the IRE},
  volume    = {48},
  number    = {3},
  pages     = {301--309},
  year      = {1960},
  publisher = {IEEE}
}

@article{AMQP_IEEE,
  author  = {Vinoski, Steve},
  journal = {IEEE Internet Computing},
  title   = {Advanced Message Queuing Protocol},
  year    = {2006},
  volume  = {10},
  number  = {6},
  pages   = {87-89},
  doi     = {10.1109/MIC.2006.116}
}

@article{ruta2005classifier,
  title={Classifier selection for majority voting},
  author={Ruta, Dymitr and Gabrys, Bogdan},
  journal={Information fusion},
  volume={6},
  number={1},
  pages={63--81},
  year={2005},
  publisher={Elsevier}
}

@article{breiman1999pasting,
  title={Pasting small votes for classification in large databases and on-line},
  author={Breiman, Leo},
  journal={Machine learning},
  volume={36},
  number={1},
  pages={85--103},
  year={1999},
  publisher={Springer}
}

@inproceedings{louppe2012ensembles,
  title={Ensembles on random patches},
  author={Louppe, Gilles and Geurts, Pierre},
  booktitle={Joint European Conference on Machine Learning and Knowledge Discovery in Databases},
  pages={346--361},
  year={2012},
  organization={Springer}
}

@article{breiman1996bagging,
  title={Bagging predictors},
  author={Breiman, Leo},
  journal={Machine learning},
  volume={24},
  number={2},
  pages={123--140},
  year={1996},
  publisher={Springer}
}

@article{sayed2013,
    author={{B. Sayed} and others},
    journal={IEEE Systems Journal},
    title={{Biometric Authentication Using Mouse Gesture Dynamics}},
    year={2013},
    volume={7},
    number={2},
    pages={262--274},
    doi={10.1109/JSYST.2012.2221932},
    publisher={IEEE},
    address={Piscataway, NJ, USA}
}

@book{hillar2017mqtt,
  title={MQTT Essentials-A lightweight IoT protocol},
  author={Hillar, Gaston C},
  year={2017},
  publisher={Packt Publishing Ltd}
}

@article{samangouei2017facial,
  title={Facial attributes for active authentication on mobile devices},
  author={Samangouei, Pouya and Patel, Vishal M and Chellappa, Rama},
  journal={Image and Vision Computing},
  volume={58},
  pages={181--192},
  year={2017},
  publisher={Elsevier}
}

@inproceedings{zhang2012location,
  title={Location-based authentication and authorization using smart phones},
  author={Zhang, Feng and Kondoro, Aron and Muftic, Sead},
  booktitle={2012 IEEE 11th International Conference on Trust, Security and Privacy in Computing and Communications},
  pages={1285--1292},
  year={2012},
  organization={IEEE}
}

@book{breiman2017classification,
  title={Classification and regression trees},
  author={Breiman, Leo and Friedman, Jerome H and Olshen, Richard A and Stone, Charles J},
  year={2017},
  publisher={Routledge}
}

@inproceedings{gamboa2003,
    author = {{H. Gamboa} and others},
    year = {2003},
    pages = {46-55},
    title = {{An Identity Authentication System Based On Human Computer Interaction Behaviour}},
    booktitle = {Pattern Recognition in Information Systems, Proceedings of the 3rd
    International Workshop on Pattern Recognition in Information Systems,
    {PRIS} 2003, In conjunction with {ICEIS} 2003, Angers, France, April
    2003},
    publisher = {{ICEIS} Press}
}

@inproceedings{zheng2011,
    author = {{N. Zheng} and others},
    title = {{An Efficient User Verification System via Mouse Movements}},
    year = {2011},
    isbn = {9781450309486},
    publisher = {Association for Computing Machinery},
    doi = {10.1145/2046707.2046725},
    booktitle = {Proceedings of the 18th ACM Conference on Computer and Communications Security},
    pages = {139–150},
    address = {New York, NY, USA},
    editor = {ACM}
}

@article{rumelhart1988learning,
  title   = {Learning representations by back-propagating errors},
  author  = {Rumelhart, David E and Hinton, Geoffrey E and Williams, Ronald J and others},
  journal = {Cognitive modeling},
  volume  = {5},
  number  = {3},
  pages   = {1},
  year    = {1988}
}

@article{berwick2003idiot,
  title   = {An idiot’s guide to support vector machines},
  author  = {Berwick, R},
  journal = {Advanced Computer Vision. University of Central Florida},
  year    = {2003}
}

@article{Breiman2001,
  author  = {Breiman, Leo},
  title   = {Random Forests},
  journal = {Machine Learning},
  year    = {2001},
  issn    = {1573-0565},
  doi     = {10.1023/A:1010933404324},
  url     = {https://doi.org/10.1023/A:1010933404324}
}

@article{ruta2005classifier,
  title     = {Classifier selection for majority voting},
  author    = {Ruta, Dymitr and Gabrys, Bogdan},
  journal   = {Information fusion},
  volume    = {6},
  number    = {1},
  pages     = {63--81},
  year      = {2005},
  publisher = {Elsevier}
}

@article{bergstra2012random,
  title   = {Random search for hyper-parameter optimization.},
  author  = {Bergstra, James and Bengio, Yoshua},
  journal = {Journal of machine learning research},
  volume  = {13},
  number  = {2},
  year    = {2012}
}

@inproceedings{WangAvery,
  author = {Wang, Avery},
  year   = {2003},
  month  = {01},
  pages  = {},
  title  = {An Industrial Strength Audio Search Algorithm.}
}

@inproceedings{LoginMouseDynamics,
  author  = {Bours, Patrick and Fullu, Christopher},
  year    = {2009},
  month   = {09},
  pages   = {1072-1077},
  title   = {A Login System Using Mouse Dynamics},
  journal = {IIH-MSP 2009 - 2009 5th International Conference on Intelligent Information Hiding and Multimedia Signal Processing},
  doi     = {10.1109/IIH-MSP.2009.77}
}

@inproceedings{Zheng2011,
author = {Zheng, Nan and Paloski, Aaron and Wang, Haining},
title = {An Efficient User Verification System via Mouse Movements},
year = {2011},
isbn = {9781450309486},
publisher = {Association for Computing Machinery},
address = {New York, NY, USA},
url = {https://doi.org/10.1145/2046707.2046725},
doi = {10.1145/2046707.2046725},
booktitle = {Proceedings of the 18th ACM Conference on Computer and Communications Security},
pages = {139–150},
numpages = {12},
keywords = {mouse dynamics, user verification, angle-based metrics},
location = {Chicago, Illinois, USA},
series = {CCS '11}
}

@inproceedings{Pusara2004,
author = {Pusara, Maja and Brodley, Carla E.},
title = {User Re-Authentication via Mouse Movements},
year = {2004},
isbn = {1581139748},
publisher = {Association for Computing Machinery},
address = {New York, NY, USA},
url = {https://doi.org/10.1145/1029208.1029210},
doi = {10.1145/1029208.1029210},
booktitle = {Proceedings of the 2004 ACM Workshop on Visualization and Data Mining for Computer Security},
pages = {1–8},
numpages = {8},
keywords = {anomaly detection, user re-authentication, mouse dynamics},
location = {Washington DC, USA},
series = {VizSEC/DMSEC '04}
}

@article{Sayed2013,
author = {Sayed, Bassam and Traore, Issa and Woungang, Isaac and Obaidat, Mohammad},
year = {2013},
month = {06},
pages = {262-274},
title = {Biometric Authentication Using Mouse Gesture Dynamics},
volume = {7},
journal = {IEEE Systems Journal},
doi = {10.1109/JSYST.2012.2221932}
}


@inproceedings{InteractionBehaviour,
  author = {Gamboa, Hugo and Fred, Ana},
  year   = {2003},
  month  = {01},
  pages  = {46-55},
  title  = {An Identity Authentication System Based On Human Computer Interaction Behaviour.}
}

@article{InteractionBehaviour2,
  author  = {Gamboa, Hugo and Fred, Ana},
  year    = {2004},
  month   = {08},
  pages   = {381-392},
  title   = {A behavioral biometric system based on human-computer interaction},
  volume  = {5404},
  journal = {Proc SPIE},
  doi     = {10.1117/12.542625}
}

@article{IdenityMouseDynamics,
  title   = {User identity verification via mouse dynamics},
  author  = {Clint Feher and Yuval Elovici and Robert Moskovitch and Lior Rokach and Alon Schclar},
  journal = {Information Sciences},
  volume  = {201},
  pages   = {19-36},
  year    = {2012},
  issn    = {0020-0255},
  doi     = {https://doi.org/10.1016/j.ins.2012.02.066},
  url     = {https://www.sciencedirect.com/science/article/pii/S0020025512001946}
}

@inproceedings{MouseCurve,
  author    = {Schulz, Douglas A.},
  booktitle = {2006 Biometrics Symposium: Special Session on Research at the Biometric Consortium Conference},
  title     = {Mouse Curve Biometrics},
  year      = {2006},
  volume    = {},
  number    = {},
  pages     = {1-6},
  doi       = {10.1109/BCC.2006.4341626}
}
@book{minsky2017perceptrons,
  title     = {Perceptrons: An introduction to computational geometry},
  author    = {Minsky, Marvin and Papert, Seymour A},
  year      = {2017},
  publisher = {MIT press}
}

@article{breiman1996bagging,
  title={Bagging predictors},
  author={Breiman, Leo},
  journal={Machine learning},
  volume={24},
  number={2},
  pages={123--140},
  year={1996},
  publisher={Springer}
}